@misc{deepseek2024r1,
  title     = {DeepSeek R1: A Strong Reasoning Engine},
  author    = {DeepSeek},
  year      = {2024},
  url       = {https://deepseek.com/blog/deepseek-r1},
  note      = {Accessed: 2025-04-06}
}
@misc{grok3,
  title     = {Grok 3: Advanced Learning Algorithms},
  author    = {Grok AI},
  year      = {2023},
  url       = {https://grok.ai/products/grok3},
  note      = {Accessed: 2025-04-06}
}